@InProceedings{	 BenderFaFi07,
author	= {Michael A. Bender and Martin Farach-Colton and Jeremy T. Fineman and Yonatan Fogel and Bradley Kuszmaul and Jelani Nelson},
title	 = {Cache-Oblivious Streaming B-trees},
booktitle	= {Proceedings of the Nineteenth ACM Symposium on Parallelism in Algorithms and Architectures},
month	 = {June9--11},
year	 = {2007},
address	= {San Diego, CA, USA},
pages	 = {81--92},
}

@InProceedings{	 BenderFaKu06,
author	= {Michael A. Bender and Martin Farach-Colton and Bradley C. Kuszmaul},
title	 = {Cache-Oblivious String {B}-Trees},
booktitle	= {Proceedings of the Twenty-Fifth ACM SIGMOD-SIGACT-SIGART Symposium on Principles of Database Systems},
year	 = {2006},
address	= {Chicago, IL},
pages	 = {223--242},
month	 = jun,
}

@InProceedings{ BenderFiGi05,
author	= {Michael A. Bender and Jeremy T. Fineman and Seth Gilbert and Bradley C. Kuszmaul},
title	 = {Concurrent Cache-Oblivious B-Trees},
booktitle	= {Proceedings of the Seventeenth ACM Symposium on Parallelism in Algorithms and Architectures (SPAA)},
month	 = {July17--20},
year	 = {2005},
address	= {Las Vegas, NV, USA},
pages	 = {228--237}
}

